@article{Moore1980,
    title = "Rate dependence of counting losses in neutron time-of-flight
        measurements",
    journal = "Nuclear Instruments and Methods",
    volume = "169",
    number = "1",
    pages = "245 - 247",
    year = "1980",
    issn = "0029-554X",
    doi = "https://doi.org/10.1016/0029-554X(80)90129-9",
    url = "http://www.sciencedirect.com/science/article/pii/0029554X80901299",
    author = "M.S. Moore"
}

@article{Phillips1980,
    title = {Neutron total cross section for tritium},
    author = {Phillips, T. W. and Berman, B. L. and Seagrave, J. D.},
    journal = {Phys. Rev. C},
    volume = {22},
    issue = {2},
    pages = {384--396},
    numpages = {0},
    year = {1980},
    month = {Aug},
    publisher = {American Physical Society},
    doi = {10.1103/PhysRevC.22.384},
    url =
    {https://link.aps.org/doi/10.1103/PhysRevC.22.384}
}

@article{Foster1971,
    title = {Neutron Total Cross Sections, 2.5-15 MeV. I. Experimental},
    author = {Foster, D. Graham and Glasgow, Dale W.},
    journal = {Phys. Rev. C},
    volume = {3},
    issue = {2},
    pages = {576--603},
    numpages = {0},
    year = {1971},
    month = {Feb},
    publisher = {American Physical Society},
    doi = {10.1103/PhysRevC.3.576},
    url =
    {https://link.aps.org/doi/10.1103/PhysRevC.3.576}
}


@article{U233Measurement,
    title = {},
    author = {},
    journal = {},
    volume = {},
    issue = {},
    pages = {},
    numpages = {},
    year = {},
    month = {},
    publisher = {},
    doi = {},
    url = {}
}

@article{Vinas2014,
    author="Vi{\~{n}}as, X.
        and Centelles, M.
        and Roca-Maza, X.
        and Warda, M.",
    title="Density dependence of the symmetry energy from neutron skin thickness
        in finite nuclei",
    journal="The European Physical Journal A",
    year="2014",
    month="Feb",
    day="26",
    volume="50",
    number="2",
    pages="27",
    abstract="The density dependence of the symmetry energy around saturation
        density, characterized by the slope parameter L , is studied using
        information provided by the neutron skin thickness in finite nuclei. An
        estimate for L is obtained from experimental data on neutron skins
        extracted from antiprotonic atoms. We also discuss the ability of
        parity-violating elastic electron scattering to obtain information on
        the neutron skin thickness in 208Pb and to constrain the density
        dependence of the nuclear symmetry energy. The size and shape of the
        neutron density distribution of 208Pb predicted by mean-field models is
        briefly addressed. We conclude with a comparative overview of the L
        values predicted by several existing determinations.",
    issn="1434-601X",
    doi="10.1140/epja/i2014-14027-8",
    url="https://doi.org/10.1140/epja/i2014-14027-8"
}

@article{Brown2000,
    title = {Neutron Radii in Nuclei and the Neutron Equation of State},
    author = {Alex Brown, B.},
    journal = {Phys. Rev. Lett.},
    volume = {85},
    issue = {25},
    pages = {5296--5299},
    numpages = {0},
    year = {2000},
    month = {Dec},
    publisher = {American Physical Society},
    doi = {10.1103/PhysRevLett.85.5296},
    url =
    {https://link.aps.org/doi/10.1103/PhysRevLett.85.5296}
}

@article{TypelBrown2001,
    title = {Neutron radii and the neutron equation of state in relativistic
        models},
    author = {Typel, S. and Brown, B. Alex},
    journal = {Phys. Rev. C},
    volume = {64},
    issue = {2},
    pages = {027302},
    numpages = {3},
    year = {2001},
    month = {Jun},
    publisher = {American Physical Society},
    doi = {10.1103/PhysRevC.64.027302},
    url =
    {https://link.aps.org/doi/10.1103/PhysRevC.64.027302}
}

@article{Horowitz2001,
    title = {Neutron Star Structure and the Neutron Radius of $^{208}Pb$},
    author = {Horowitz, C. J. and Piekarewicz, J.},
    journal = {Phys. Rev. Lett.},
    volume = {86},
    issue = {25},
    pages = {5647--5650},
    numpages = {0},
    year = {2001},
    month = {Jun},
    publisher = {American Physical Society},
    doi = {10.1103/PhysRevLett.86.5647},
    url =
    {https://link.aps.org/doi/10.1103/PhysRevLett.86.5647}
}

@article{Fattoyev2012,
    title = {Neutron skins and neutron stars},
    author = {Fattoyev, F. J. and Piekarewicz, J.},
    journal = {Phys. Rev. C},
    volume = {86},
    issue = {1},
    pages = {015802},
    numpages = {11},
    year = {2012},
    month = {Jul},
    publisher = {American Physical Society},
    doi = {10.1103/PhysRevC.86.015802},
    url =
    {https://link.aps.org/doi/10.1103/PhysRevC.86.015802}
}

@article{McVoy1967,
    title = "Giant resonances and neutron-nucleus total cross sections",
    journal = "Annals of Physics",
    volume = "43",
    number = "1",
    pages = "91-125",
    year = "1967",
    issn = "0003-4916",
    doi = "https://doi.org/10.1016/0003-4916(67)90293-X",
    url = "http://www.sciencedirect.com/science/article/pii/000349166790293X",
    author = "K.W McVoy"
}

@article{Mahzoon2017,
    title = {Neutron Skin Thickness of $^{48}\mathrm{Ca}$ from a Nonlocal
        Dispersive Optical-Model Analysis},
    author = {Mahzoon, M. H. and Atkinson, M. C. and Charity, R. J. and
        Dickhoff, W. H.},
    journal = {Phys. Rev. Lett.},
    volume = {119},
    issue = {22},
    pages = {222503},
    numpages = {5},
    year = {2017},
    month = {Nov},
    publisher = {American Physical Society},
    doi = {10.1103/PhysRevLett.119.222503},
    url =
    {https://link.aps.org/doi/10.1103/PhysRevLett.119.222503}
}

@techreport{Perey1972,
    title="",
    author={},
    note={Oak Ridge National Lab. Reports},
    series={ORNL},
    year={1972},
    number={4823}
}

@article{Finlay1993,
    title="Neutron Total Cross Sections at Intermediate Energies",
    author={Finlay, R. W. and Abfalterer, W. P. and Fink, G.
        and Montei, E. and Adami, T. and Lisowski, P. W. and
            Morgan, G. L. and Haight, R. C. },
    journal={Physical Review, Part C, Nuclear Physics},
    volume={47},
    pages={237},
    year={1993},
    doi={10.1103/PhysRevC.47.237},
    URL={http://dx.doi.org/10.1103/PhysRevC.47.237}
}

@article{Vaughn1965,
    title="The Total Neutron Cross Section of O$^{18}$ from 0.14 to
        2.47 MeV",
    author={Vaughn, F. J. and Grench, H. A. and Imhof, W. L.
        and Rowland, J. H. and Walt, M. },
    journal={Nuclear Physics},
    volume={64},
    pages={336},
    year={1965},
    doi={10.1016/0029-5582(65)90361-5},
    URL={http://dx.doi.org/10.1016/0029-5582(65)90361-5}
}

@article{Salisbury1965,
    title="The Total Neutron Cross Section Of O$^{18}$ From 2.45 To
        19.0 Mev",
    author={Salisbury, S. R. and Fossan, D. B. and Vaughn, F. J.
    },
    journal={Nuclear Physics},
    volume={64},
    pages={343},
    year={1965},
    doi={10.1016/0029-5582(65)90362-7},
    URL={http://dx.doi.org/10.1016/0029-5582(65)90362-7}
}

@article{Abfalterer2001,
    title="Measurement of Neutron Total Cross Sections up to 560
        MeV",
    author={Abfalterer, W. P. and Bateman, F. B. and Dietrich, F.
        S. and Finlay, R. W. and Haight, R. C. and Morgan, G. L.
    },
    journal={Physical Review, Part C, Nuclear Physics},
    volume={63},
    pages={044608},
    year={2001},
    doi={10.1103/PhysRevC.63.044608},
    URL={http://dx.doi.org/10.1103/PhysRevC.63.044608}
}

@article{Harvey1985,
    title="Single-Particle 2d$_{5/2}$ Strength in the $^{48}$Ca + n
        Reaction",
    author={Harvey, J. A. and Johnson, C. H. and Carlton, R. F.
        and Castel, B. },
    journal={Physical Review, Part C, Nuclear Physics},
    volume={32},
    pages={1114},
    year={1985},
    doi={10.1103/PhysRevC.32.1114},
    URL={http://dx.doi.org/10.1103/PhysRevC.32.1114}
}

@article{Shane2010,
    title="Total neutron cross-sections for rare isotopes using a
        digital-signal-processing technique: Case study $^{48}$Ca",
    author={Shane, R. and Charity, R. J. and Elson, J. M. and
        Sobotka, L. G. and Devlin, M. and Fotiades, N. and
            O`Donnell, J. M. },
    journal={Nucl. Instrum. Methods in Physics Res., Sect.A},
    volume={614},
    pages={468},
    year={2010},
    doi={10.1016/j.nima.2010.01.005},
    URL={http://dx.doi.org/10.1016/j.nima.2010.01.005}
}

@article{Perey1993,
    title="$^{58}$Ni + n Transmission, Differential Elastic
        Scattering, and Capture Measurements and Analysis up to 813
        keV",
    author={Perey, C. M. and Perey, F. G. and Harvey, J. A. and
        Hill, N. W. and Larson, N. M. and Macklin, R. L. and
            Larson, D. C. },
    journal={Physical Review, Part C, Nuclear Physics},
    volume={47},
    pages={1143},
    year={1993},
    doi={10.1103/PhysRevC.47.1143},
    URL={http://dx.doi.org/10.1103/PhysRevC.47.1143}
}

@techreport{Perey1993TechReport,
    note={Oak Ridge National Lab.
        technical memo},
    series={ORNL-TM},
    year={1988},
    number={108411},
    misc={EXFOR.12972:Ref.2}
}

@techreport{Perey1993ENDF,
    note={Evaluated Nuclear
        Data File (ENDF)
            Reports},
    series={ENDF},
    year={1988},
    number={347},
    misc={EXFOR.12972:Ref.3}
}

@article{Dukarevich1967,
    title="Total Neutron Cross Sections Of Isotopes And The
        Isobaric Spin Term Of Nuclear Potential",
    author={Dukarevich, Y. V. and Dyumin, A. N. and Kaminker, D.
        M. },
    journal={Nuclear Physics, Section A},
    volume={92},
    pages={433},
    year={1967},
    number={2},
    doi={10.1016/0375-9474(67)90228-X},
    URL={http://dx.doi.org/10.1016/0375-9474(67)90228-X}
}

@article{Timokhov1989,
    title={Neutron Capture,Total Cross Sections and Average
        Resonance Parameters for Tin Isotopes},
    author={Timokhov, V. M. and Bokhovko, M. V. and Isakov, A. G.
        and Kazakov, L. E. and Kononov, V. N. and Manturov, G. N.
            and Poletaev, E. D. and Pronyaev, V. G. },
    journal={Yadernaya Fizika},
    volume={50},
    pages={609},
    year={1989},
    number={3},
    misc={EXFOR.40960:Ref.2}
}

@article{Harper1982,
    title="Interaction of Neutrons with Even-A Tin Isotopes. I.
        Total Cross Section for E(n) = 0.3-5.0 MeV",
    author={Harper, R. W. and Godfrey, T. W. and Weil, J. L. },
    journal={Physical Review, Part C, Nuclear Physics},
    volume={26},
    pages={1432},
    year={1982},
    doi={10.1103/PhysRevC.26.1432},
    URL={http://dx.doi.org/10.1103/PhysRevC.26.1432}
}

@article{Rapaport1980,
    title="Neutron Elastic Scattering from
        $^{116,118,120,122,124}$Sn",
    author={Rapaport, J. and Mirzaa, M. and Hadizadeh, M. and
        Bainum, D. E. and Finlay, R. W. },
    journal={Nuclear Physics, Section A},
    volume={341},
    pages={56},
    year={1980},
    doi={10.1016/0375-9474(80)90361-9},
    URL={http://dx.doi.org/10.1016/0375-9474(80)90361-9}
}

@phdthesis{Mirzaa1978,
    note={Thesis or dissertation},
    year={1978},
    misc={EXFOR.10817:Ref.2}
}

@article{Carlton2003,
    title="Neutron resonance spectroscopy for n+$^{204}$Pb: Total
        and differential elastic scattering cross sections",
    author={Carlton, R. F. and Harvey, J. A. and Hill, N. W. },
    journal={Physical Review, Part C, Nuclear Physics},
    volume={67},
    pages={024601},
    year={2003},
    doi={10.1103/PhysRevC.67.024601},
    URL={http://dx.doi.org/10.1103/PhysRevC.67.024601}
}

@book{Satchler1980,
    title="Introduction to Nuclear Reactions",
    author={Satchler, G. R},
    year={1980},
    publisher={John Wiley And Sons},
}

@article{Fernbach1949,
    title = {The Scattering of High Energy Neutrons by Nuclei},
    author = {Fernbach, S. and Serber, R. and Taylor, T. B.},
    journal = {Phys. Rev.},
    volume = {75},
    issue = {9},
    pages = {1352--1355},
    numpages = {0},
    year = {1949},
    month = {May},
    publisher = {American Physical Society},
    doi = {10.1103/PhysRev.75.1352},
    url =
    {https://link.aps.org/doi/10.1103/PhysRev.75.1352}
}

@article{Lawson1953,
    author = {J.D.  Lawson},
    title = {A diffraction effect illustrating the transparency of nuclei to
        high energy neutrons},
    journal = {The London, Edinburgh, and Dublin Philosophical Magazine and
        Journal of Science},
    volume = {44},
    number = {348},
    pages = {102-103},
    year  = {1953},
    publisher = {Taylor and Francis},
    doi = {10.1080/14786440108520280},
    URL = { 
https://doi.org/10.1080/14786440108520280
    }
}

@article{Peterson1962,
    title = {Neutron Giant Resonances - Nuclear Ramsauer Effect},
    author = {Peterson, J. M.},
    journal = {Phys. Rev.},
    volume = {125},
    issue = {3},
    pages = {955--963},
    numpages = {0},
    year = {1962},
    month = {Feb},
    publisher = {American Physical Society},
    doi = {10.1103/PhysRev.125.955},
    url =
    {https://link.aps.org/doi/10.1103/PhysRev.125.955}
}

@article{Feshbach1949,
    title = {A Schematic Theory of Nuclear Cross Sections},
    author = {Feshbach, H. and Weisskopf, V. F.},
    journal = {Phys. Rev.},
    volume = {76},
    issue = {11},
    pages = {1550--1560},
    numpages = {0},
    year = {1949},
    month = {Dec},
    publisher = {American Physical Society},
    doi = {10.1103/PhysRev.76.1550},
    url =
    {https://link.aps.org/doi/10.1103/PhysRev.76.1550}
}

@article{Feshbach1958,
    author = { H Feshbach },
    title = {The Optical Model and Its Justification},
    journal = {Annual Review of Nuclear Science},
    volume = {8},
    number = {1},
    pages = {49-104},
    year = {1958},
    doi = {10.1146/annurev.ns.08.120158.000405},

    URL = { 
https://doi.org/10.1146/annurev.ns.08.120158.000405
    }
}

@article{Anderson1990,
    title = {Nuclear Ramsauer effect and the isovector potential},
    author = {Anderson, J. D. and Grimes, S. M.},
    journal = {Phys. Rev. C},
    volume = {41},
    issue = {6},
    pages = {2904--2910},
    numpages = {0},
    year = {1990},
    month = {Jun},
    publisher = {American Physical Society},
    doi = {10.1103/PhysRevC.41.2904},
    url =
    {https://link.aps.org/doi/10.1103/PhysRevC.41.2904}
}

@article{Gould1986,
    title = {Spin-Spin Potentials in
        $^{27}\mathrm{Al}_{\mathrm{pol}}+{n}_{\mathrm{pol}}$ and the Nuclear
            Ramsauer Effect},
    author = {Gould, C. R. and Haase, D. G. and Seagondollar, L. W. and
        Soderstrum, J. P. and Nash, K. E. and Schneider, M. B. and Roberson,
        N. R.},
    journal = {Phys. Rev. Lett.},
    volume = {57},
    issue = {19},
    pages = {2371--2374},
    numpages = {0},
    year = {1986},
    month = {Nov},
    publisher = {American Physical Society},
    doi = {10.1103/PhysRevLett.57.2371},
    url =
    {https://link.aps.org/doi/10.1103/PhysRevLett.57.2371}
}

@article{Hodgson1967,
    title = "The complex symmetry term in the nucleon optical potential",
    journal = "Nuclear Physics A",
    volume = "103",
    number = "1",
    pages = "127 - 133",
    year = "1967",
    issn = "0375-9474",
    doi = "https://doi.org/10.1016/0375-9474(67)90792-0",
    url = "http://www.sciencedirect.com/science/article/pii/0375947467907920",
    author = "P.E. Hodgson"
}

@article{Satchler1967,
    title = "Evidence for a complex symmetry term in the optical potential for
        nucleons",
    journal = "Nuclear Physics A",
    volume = "91",
    number = "1",
    pages = "75-84",
    year = "1967",
    issn = "0375-9474",
    doi = "https://doi.org/10.1016/0375-9474(67)90451-4",
    url = "http://www.sciencedirect.com/science/article/pii/0375947467904514",
    author = "G.R. Satchler"
}

@article{Mohr1955,
    author={C B O Mohr},
    title={The Mean Free Path of Slow Neutrons in Nuclear Matter},
    journal={Proceedings of the Physical Society. Section A},
    volume={68},
    number={4},
    pages={340},
    url={http://stacks.iop.org/0370-1298/68/i=4/a=410},
    year={1955},
    abstract={}
}

@article{Mahzoon2014,
    title = {Forging the Link between Nuclear Reactions and Nuclear
        Structure},
    author = {Mahzoon, M. H. and Charity, R. J. and Dickhoff, W. H. and
        Dussan, H. and Waldecker, S. J.},
    journal = {Phys. Rev. Lett.},
    volume = {112},
    issue = {16},
    pages = {162503},
    numpages = {5},
    year = {2014},
    month = {Apr},
    publisher = {American Physical Society},
    doi = {10.1103/PhysRevLett.112.162503},
    url =
    {https://link.aps.org/doi/10.1103/PhysRevLett.112.162503}
}

@article{Mueller2011,
    title = {Asymmetry dependence of nucleon correlations in spherical nuclei
        extracted from a dispersive-optical-model analysis},
    author = {Mueller, J. M. and Charity, R. J. and Shane, R. and Sobotka,
        L. G. and Waldecker, S. J. and Dickhoff, W. H. and Crowell, A. S.
            and Esterline, J. H. and Fallin, B. and Howell, C. R. and
            Westerfeldt, C. and Youngs, M. and Crowe, B. J. and Pedroni, R.
            S.},
    journal = {Phys. Rev. C},
    volume = {83},
    issue = {6},
    pages = {064605},
    numpages = {32},
    year = {2011},
    month = {Jun},
    publisher = {American Physical Society},
    doi = {10.1103/PhysRevC.83.064605},
    url =
    {https://link.aps.org/doi/10.1103/PhysRevC.83.064605}
}

@phdthesis{MahzoonPhDThesis,
    author={Mahzoon,Mohammadhossein},
        year={2015},
        title={Implications of a Fully Nonlocal Implementation of the Dispersive
            Optical Model},
        journal={ProQuest Dissertations and Theses},
        pages={142},
        note={Copyright - Database copyright ProQuest LLC; ProQuest does not
            claim copyright in the individual underlying works; Last updated -
                2016-06-06},
        isbn={9781339293509},
        language={English},
        url={http://libproxy.wustl.edu/login?url=https://search.proquest.com/docview/1749780826?accountid=15159},
} 

@phdthesis{HammenThesis,
    author={Hammen,Michael},
        year={2013},
        title={Spins, Moments, and Radii of Cd Isotopes},
        pages={66},
        note={CERN-THESIS-2013-354},
        language={English},
        url={https://cds.cern.ch/record/1980946?In=en},
}

@article{Abfalterer2000,
    title = {Level widths and level densities of nuclei in the
        $32<A<60$ mass region inferred from fluctuation analysis of
            total neutron cross sections},
    author = {Abfalterer, W. P. and Finlay, R. W. and Grimes, S. M.},
    journal = {Phys. Rev. C},
    volume = {62},
    issue = {6},
    pages = {064312},
    numpages = {21},
    year = {2000},
    month = {Nov},
    publisher = {American Physical Society},
    doi = {10.1103/PhysRevC.62.064312},
    url =
    {https://link.aps.org/doi/10.1103/PhysRevC.62.064312}
}

@article{Abfalterer1998,
    title = {Inadequacies of the Nonrelativistic $3\mathit{N}$ Hamiltonian in Describing the
        $\mathit{n}+\mathit{d}$ Total Cross Section},
    author = {Abfalterer, W. P. and Bateman, F. B. and Dietrich, F. S. and Elster, Ch. and
        Finlay, R. W. and Gl\"ockle, W. and Golak, J. and Haight, R. C. and H\"uber, D. and
            Morgan, G. L. and Witala, H.},
    journal = {Phys. Rev. Lett.},
    volume = {81},
    issue = {1},
    pages = {57--60},
    numpages = {0},
    year = {1998},
    month = {Jul},
    publisher = {American Physical Society},
    doi = {10.1103/PhysRevLett.81.57},
    url = {https://link.aps.org/doi/10.1103/PhysRevLett.81.57}
}


@techreport{Schwartz1974,
    title="MeV total neutron cross sections",
    author={Schwartz, R. B. and Schrack, R. A. and Heaton Ii, H. T. },
    note={National Bureau of Standards Monograph},
    series={NBS-MONO},
    year={1974},
    number={138}
}

@techreport{Poenitz1983,
    title="NEUTRON TOTAL CROSS SECTION MEASUREMENTS IN THE ENERGY REGION FROM
        47 KEV TO 20 MEV",
    author={Poenitz, W. P. and Whalen, J. F. },
    note={Argonne National Laboratory Reports},
    series={ANL-NDM},
    year={1983},
    number={80}
}

@unpublished{Harvey1999,
    title="",
    author={Harvey, J. A. },
    note={Private communication},
    year={1999}
}

@article{Haesner1983,
    title="Measurement of the $^{3}$He and $^{4}$He Total Neutron Cross
        Sections up to 40 MeV",
    author={Haesner, B. and Heeringa, W. and Klages, H. O. and Dobiasch,
        H. and Schmalz, G. and Schwarz, P. and Wilczynski, J. and
            Zeitnitz, B. and Kappeler, F. },
    journal={Physical Review, Part C, Nuclear Physics},
    volume={28},
    pages={995},
    year={1983},
    number={3},
    doi={10.1103/PhysRevC.28.995},
    URL={http://dx.doi.org/10.1103/PhysRevC.28.995}
}

@article{Goulding1973,
    title="$^{3}$He and $^{4}$He Total Neutron Cross Sections in the MeV
        Region",
    author={Goulding, C. A. and Stoler, P. and Seagrave, J. D. },
    journal={Nuclear Physics, Section A},
    volume={215},
    pages={253},
    year={1973},
    doi={10.1016/0375-9474(73)90654-4},
    URL={http://dx.doi.org/10.1016/0375-9474(73)90654-4}
}

@article{Measday1966,
    title="Neutron Total Cross Sections in the Energy Range 80 to 150 MeV",
    author={Measday, D. F. and Palmieri, J. N. },
    journal={Nuclear Physics},
    volume={85},
    pages={129},
    year={1966},
    doi={10.1016/0029-5582(66)90136-2},
    URL={http://dx.doi.org/10.1016/0029-5582(66)90136-2}
}

@conference{Johnson1973,
    note={Int.Conf.on Nuclear Physics,Munich 1973},
    volume={1},
    pages={525},
    year={1973}
}

@article{Clement1972,
    title="Hydrogen and Deuterium Total Neutron Cross Sections in the MeV
        Region",
    author={Clement, J. M. and Stoler, P. and Goulding, C. A. and
        Fairchild, R. W. },
    journal={Nuclear Physics, Section A},
    volume={183},
    pages={51},
    year={1972},
    doi={10.1016/0375-9474(72)90930-X},
    URL={http://dx.doi.org/10.1016/0375-9474(72)90930-X}
}

@article{Angeli1970,
    title="Total neutron cross sections and the nuclear Ramsauer effect",
    journal = "Nuclear Physics A",
    volume = "158",
    number = "2",
    pages = "389-392",
    year = "1970",
    issn = "0375-9474",
    doi = "https://doi.org/10.1016/0375-9474(70)90190-9",
    url = "http://www.sciencedirect.com/science/article/pii/0375947470901909",
    author = "I. Angeli and J. Csikai"
}

@book{Perey76,
    title="Atomic and Nuclear Data Tables: Compilation of Phenomenological
        Optical-Model Parameters 1954-1975",
    author="C. M. Perey, F. G. Perey",
    editor="K. Way",
    publisher="Academic Press",
    year="1976",
    volume="17",
    number="1",
    month="Jan."
}

@book{GoeppertMayer1955,
    title="Elementary theory of nuclear shell structure",
    author="Mayer, M. G. and Jensen, J. H. D.",
    publisher="New York: Wiley",
    year="1955",
    series="Structure of matter series",
}

@article{Berdichevsky1988,
    journal={Z. Phys. A - Atomic Nuclei},
    volume={329},
    pages={393-405},
    year={1988}
}

@article{CH89,
    title="A global nucleon optical potential",
    journal = "Physics Reports",
    volume = "201",
    issue = "2",
    pages = "57-119",
    year = "1991",
    doi = "https://doi.org/10.1016/0370-1573(91)90039-O",
    url = "http://www.sciencedirect.com/science/article/pii/037015739190039O",
    author = "R. L. Varner, W. J. Thompson, T. L. McAbee, E. J. Ludwig, T. B.
        Clegg"
}

@article{Carpenter1959,
    title="Search for Resonance Structure of Neutron Cross Sections at 100 Mev",
    journal = "Physical Review",
    volume = "114",
    number = "2",
    pages = "510-513",
    year = "1959",
    doi = "https://doi.org/10.1103/PhysRev.114.510",
    url = "http://journals.aps.org/pr/pdf/10.1103/PhysRev.114.510",
    author = "S. G. Carpenter, R. Wilson"
}

@article{Leuschner1994,
    title = {Quasielastic proton knockout from $^{16}\mathrm{O}$},
    author = {Leuschner, M. and Calarco, J. R. and Hersman, F. W. and Jans, E. and Kramer, G. J. and Lapik\'as, L. and van der Steenhoven, G. and de Witt Huberts, P. K. A. and Blok, H. P. and Kalantar-Nayestanaki, N. and Friedrich, J.},
    journal = {Phys. Rev. C},
    volume = {49},
    issue = {2},
    pages = {955--967},
    numpages = {0},
    year = {1994},
    month = {Feb},
    publisher = {American Physical Society},
    doi = {10.1103/PhysRevC.49.955},
    url = {https://link.aps.org/doi/10.1103/PhysRevC.49.955}
}

@misc{EXFORDatabase,
    author = "Experimental Nuclear Reaction Data (EXFOR)",
    url = "https://www-nds.iaea.org/exfor/exfor.htm",
    note = "Accessed 2018-3-10 to 2019-4-1"
}

@book{NumericalRecipes,
    author = {Press, William and A. Teukolsky, Saul and Vetterling, William and Flannery, Brian},
    year = {1992},
    month = {01},
    title = {Numerical recipes in C. The art of scientific computing},
    isbn = {978-0-521-43064-7},
    publisher = {Cambridge: Cambridge University Press}
}

@book{MyersAndSwiatecki,
    author = {Myers, William D.}
    year = {1977},
    title = {Droplet model of atomic nuclei},
    pages = {150},
    isbn = {978-0-306-65170-0},
    publisher = {IFI/Plenum}
}

@article{Myers1980,
    author = "W. D. Myers, W. J. Swiatecki",
    title="Droplet-model theory of the neutron skin",
    journal = "Nuclear Physics A",
    volume = "336",
    issue = "2",
    pages = "267-278",
    year = "1980",
    doi = "https://doi.org/10.1016/0375-9474(80)90623-5",
}

@article{Anselment1986,
    author = {Anselment, M and Bekk, K and Hanser, A and Hoeffgen, H and Meisel, G and Göring, S and
        Rebel, H and Schatz, G},
    year = {1986},
    month = {10},
    pages = {1052-1059},
    title = {Charge radii and moments of tin nuclei by laser spectroscopy},
    volume = {34},
    journal = {Physical review C: Nuclear physics},
    doi = {10.1103/PhysRevC.34.1052}
}

@article{AV18,
  title = {Accurate nucleon-nucleon potential with charge-independence breaking},
  author = {Wiringa, R. B. and Stoks, V. G. J. and Schiavilla, R.},
  journal = {Phys. Rev. C},
  volume = {51},
  issue = {1},
  pages = {38--51},
  numpages = {0},
  year = {1995},
  month = {Jan},
  publisher = {American Physical Society},
  doi = {10.1103/PhysRevC.51.38},
  url = {https://link.aps.org/doi/10.1103/PhysRevC.51.38}
}

@article{Holt16,
  title = {Microscopic optical potential for exotic isotopes from chiral effective field theory},
  author = {Holt, J. W. and Kaiser, N. and Miller, G. A.},
  journal = {Phys. Rev. C},
  volume = {93},
  issue = {6},
  pages = {064603},
  numpages = {7},
  year = {2016},
  month = {Jun},
  publisher = {American Physical Society},
  doi = {10.1103/PhysRevC.93.064603},
  url = {https://link.aps.org/doi/10.1103/PhysRevC.93.064603}
}

@article{Doucet2018,
title = "Machine learning n/$\gamma$ discrimination in CLYC scintillators",
journal = "Nuclear Instruments and Methods in Physics Research Section A: Accelerators, Spectrometers, Detectors and Associated Equipment",
year = "2018",
issn = "0168-9002",
doi = "https://doi.org/10.1016/j.nima.2018.09.036",
url = "http://www.sciencedirect.com/science/article/pii/S016890021831180X",
author = "E. Doucet and T. Brown and P. Chowdhury and C.J. Lister and C. Morse and P.C. Bender and A.M. Rogers"
}

@phdthesis{GussPhDThesis,
    author={Paul Guss},
    year={1982},
    title={Cross Sections and Analyzing Powers For Elastic and Inelastic
        Neutron Scattering From $^{58}$Ni, $^{60}$Ni, $^{116}$Sn, and
            $^{120}$Sn},
    language={English},
    url={http://www.tunl.duke.edu/nucldata/Thesis/PhD/Guss_1982.pdf}
}

@phdthesis{KangPhDThesis,
    author={Ji-Hwan Kang},
    year={2017},
    title={Triplet Fusion Photon Upconversion Systems: Towards Low Threshold
        Applications},
    language={English},
    url={https://smartech.gatech.edu/bitstream/handle/1853/59766/KANG-DISSERTATION-2017.pdf}
}

@article{Guss1989,
  title = {Optical model description of the neutron interaction with $^{116}\mathrm{Sn}$ and $^{120}\mathrm{Sn}$ over a wide energy range},
  author = {Guss, P. P. and Byrd, R. C. and Howell, C. R. and Pedroni, R. S. and Tungate, G. and Walter, R. L. and Delaroche, J. P.},
  journal = {Phys. Rev. C},
  volume = {39},
  issue = {2},
  pages = {405--414},
  numpages = {0},
  year = {1989},
  month = {Feb},
  publisher = {American Physical Society},
  doi = {10.1103/PhysRevC.39.405},
  url = {https://link.aps.org/doi/10.1103/PhysRevC.39.405}
}

@article{MoNA,
    author = {Luther, B and Baumann, T and Thoennessen, M and Brown, Jervon and Deyoung, P and
        Finck, J and Hinnefeld, J and Howes, R and Kemper, K and Pancella, P and Peaslee, Graham and
            Rogers, W and Tabor, S},
    year = {2003},
    month = {06},
    pages = {33-35},
    title = {MoNA--The Modular Neutron Array},
    volume = {505},
    journal = {Nuclear Instruments and Methods in Physics Research Section A: Accelerators,
        Spectrometers, Detectors and Associated Equipment},
    doi = {10.1016/S0168-9002(03)01014-3}
}

@article{VANDLE,
    title = ``Performance of the Versatile Array of Neutron Detectors at Low Energy (VANDLE)'',
    journal = ``Nuclear Instruments and Methods in Physics Research Section A: Accelerators,
    Spectrometers, Detectors and Associated Equipment'',
    volume = ``836'',
    pages = ``122 - 133'',
    year = ``2016'',
    issn = ``0168-9002'',
    doi = ``https://doi.org/10.1016/j.nima.2016.08.054'',
    url = ``http://www.sciencedirect.com/science/article/pii/S0168900216308816'',
    author = ``W.A. Peters and S. Ilyushkin and M. Madurga and C. Matei and S.V. Paulauskas and R.K.
        Grzywacz and D.W. Bardayan and C.R. Brune and J. Allen and J.M. Allen and Z. Bergstrom and
        J. Blackmon and N.T. Brewer and J.A. Cizewski and P. Copp and M.E. Howard and R. Ikeyama and
        R.L. Kozub and B. Manning and T.N. Massey and M. Matos and E. Merino and P.D. O'Malley and
        F. Raiola and C.S. Reingold and F. Sarazin and I. Spassova and S. Taylor and D. Walter''
}

@techreport{NeuLAND,
    title="Technical Report for the Design, Construction, and Commissioning of NeuLAND: The
        High-Resolution Neutron Time-of-Flight Spectrometer for R$^{3}$B",
    author={The R$^{3}$B Collaboration},
    series={FAIR/NUSTAR/R$^{3}$B/TDR NeuLAND},
    year={2011},
    url = {https://fair-center.eu/fileadmin/fair/publications_exp/NeuLAND-TDR-Web.pdf}
}

@incollection{Otten1989,
    booktitle="Treatise on Heavy Ion Science",
    title="Nuclear Radii and Moments of Unstable Isotopes",
    author="Otten E. W.",
    editor="Bromley D. A.",
    publisher="Springer, Boston, MA",
    year="1989",
    month="01",
    isbn="978-1-4613-0713-6",
    doi="10.1007/978-1-4613-0713-6_7"
}

@article{Wilkinson1967,
    author = "Wilkinson, D. H."
    title = "Is the Surface of the Nucleus Neutron-Rich?",
    journal = "Comments Nucl. Particle Phys.",
    volume = "1",
    pages = "80-84",
    year = "1967",
    month = "03",
}



@article{Angeli1980,
    doi = {10.1088/0305-4616/6/3/007},
    url = {https://doi.org/10.1088/0305-4616/6/3/007},
    year = {1980},
    month = {03},
    publisher = {{IOP} Publishing},
    volume = {6},
    number = {3},
    pages = {303-317},
    author = {I Angeli and M Beiner and R J Lombard and D Mas},
    title = {Trends in nuclear radii from the energy density method},
    journal = {Journal of Physics G: Nuclear Physics},
}

@article{KoningDelaroche,
    title = "Local and global nucleon optical models from 1 keV to 200 MeV",
    journal = "Nuclear Physics A",
    volume = "713",
    number = "3",
    pages = "231 - 310",
    year = "2003",
    issn = "0375-9474",
    doi = "https://doi.org/10.1016/S0375-9474(02)01321-0",
    url = "http://www.sciencedirect.com/science/article/pii/S0375947402013210",
    author = "A.J. Koning and J.P. Delaroche"
}

@article{AME2016,
    doi = {10.1088/1674-1137/41/3/030003},
    url = {https://doi.org/10.1088/1674-1137/41/3/030003},
    year = {2017},
    month = {mar},
    publisher = {{IOP} Publishing},
    volume = {41},
    number = {3},
    pages = {030003},
    author = {Meng Wang and G. Audi and F. G. Kondev and W.J. Huang and S. Naimi and Xing Xu},
    title = {The {AME}2016 atomic mass evaluation ({II}). Tables, graphs and references},
    journal = {Chinese Physics C},
}

@article{Reid1968,
title = "Local phenomenological nucleon-nucleon potentials",
journal = "Annals of Physics",
volume = "50",
number = "3",
pages = "411 - 448",
year = "1968",
issn = "0003-4916",
doi = "https://doi.org/10.1016/0003-4916(68)90126-7",
url = "http://www.sciencedirect.com/science/article/pii/0003491668901267",
author = "Roderick V Reid",
}

@article{CLAS2019,
title = "Modified structure of protons and neutrons in correlated pairs",
journal = "Nature",
volume = "566",
pages = "354-358",
year = "2019",
doi = "https://doi.org/10.1038/s41586-019-0925-9",
author = "The CLAS Collaboration",
}

@article{Myers1969,
title = "Average nuclear properties",
journal = "Annals of Physics",
volume = "55",
number = "3",
pages = "395 - 505",
year = "1969",
issn = "0003-4916",
doi = "https://doi.org/10.1016/0003-4916(69)90202-4",
url = "http://www.sciencedirect.com/science/article/pii/0003491669902024",
author = "William D Myers and W.J Swiatecki"
}

@article{Devries1987,
title = "Nuclear charge-density-distribution parameters from elastic electron scattering",
journal = "Atomic Data and Nuclear Data Tables",
volume = "36",
number = "3",
pages = "495 - 536",
year = "1987",
issn = "0092-640X",
doi = "https://doi.org/10.1016/0092-640X(87)90013-1",
url = "http://www.sciencedirect.com/science/article/pii/0092640X87900131",
author = "H. De Vries and C.W. De Jager and C. De Vries"
}

@incollection{BarnBook1988,
title = "NEUTRON CROSS SECTION CURVES FOR Z = 1 - 100",
editor = "VICTORIA McLANE and CHARLES L. DUNFORD and PHILIP F. ROSE",
booktitle = "Neutron Cross Sections",
publisher = "Academic Press",
pages = "1 - 806",
year = "1988",
isbn = "978-0-12-484220-5",
doi = "https://doi.org/10.1016/B978-0-12-484220-5.50008-3",
url = "http://www.sciencedirect.com/science/article/pii/B9780124842205500083",
author = "VICTORIA McLANE and CHARLES L. DUNFORD and PHILIP F. ROSE"
}

@article{Brown1979,
	doi = {10.1088/0305-4616/5/12/008},
	url = {https://doi.org/10.1088/0305-4616/5/12/008},
	year = 1979,
	month = {dec},
	publisher = {{IOP} Publishing},
	volume = {5},
	number = {12},
	pages = {1655--1698},
	author = {B A Brown and S E Massen and P E Hodgson},
	title = {Proton and neutron density distributions for A=16-58 nuclei},
	journal = {Journal of Physics G: Nuclear Physics}
}

@article{Jackson1974,
	doi = {10.1088/0034-4885/37/1/002},
	url = {https://doi.org/10.1088/0034-4885/37/1/002},
	year = {1974},
	month = {jan},
	publisher = {{IOP} Publishing},
	volume = {37},
	number = {1},
	pages = {55--146},
	author = {D F Jackson},
	title = {Nuclear sizes and the optical model},
	journal = {Reports on Progress in Physics}
}

@article{Zhang2018,
title = "Nuclear dipole polarizability from mean-field modeling constrained by chiral effective field theory",
journal = "Physics Letters B",
volume = "777",
pages = "73 - 78",
year = "2018",
issn = "0370-2693",
doi = "https://doi.org/10.1016/j.physletb.2017.12.012",
url = "http://www.sciencedirect.com/science/article/pii/S0370269317309899",
author = "Zhen Zhang and Yeunhwan Lim and Jeremy W. Holt and Che Ming Ko"
}

@article{Ahmad1973,
title = "A semi-empirical formula for the neutron total cross section and the
    interpretation of the empirical formula for A$\geq$40",
journal = "Pramana",
volume = "1",
pages = "188-195",
year = "1973",
author = "I Ahmad and N Bano and A N Saharia"
}


