article{Leddy95,
title = "Comparison of resonances observed in the 12C(24Mg, 12C12C)12C and 12C(20Ne, 12C12C)8Be reactions ",
journal = "Nuclear Physics A ",
volume = "589",
number = "2",
pages = "363 - 376",
year = "1995",
note = "",
issn = "0375-9474",
doi = "http://dx.doi.org/10.1016/0375-9474(95)00053-4",
url = "http://www.sciencedirect.com/science/article/pii/0375947495000534",
author = "M.J. Leddy and S.J. Bennett and N.M. Clarke and M. Freer and B.R. Fulton and J.T. Murgatroyd and G.J. Gyapong and C.D. Jones and D.L. Watson and W.D.M. Rae and A.E. Smith and W.N. Catford",
keywords = "\{NUCLEAR\} \{REACTIONS\} <sup>12</sup>C(<sup>24</sup>Mg, <sup>12</sup>C<sup>12</sup>C), <span style='font-style: italic'>E</span> = 170 MeV",
keywords = "measured (fragment) (fragment) coin. <sup>24</sup>Mg deduced excitation energies, <span style='font-style: italic'>J</span> "
}

@article{Seivastava88,
  title = {Features of direct and sequential Coulomb breakup of $^{6}\mathrm{Li}$ ions},
  author = {Srivastava, D. K. and Basu, D. N. and Rebel, H.},
  journal = {Phys. Rev. C},
  volume = {38},
  issue = {5},
  pages = {2148--2156},
  year = {1988},
  month = {Nov},
  doi = {10.1103/PhysRevC.38.2148},
  url = {http://link.aps.org/doi/10.1103/PhysRevC.38.2148},
  publisher = {American Physical Society}
}
